2498 4380
110 401 435 495 detectis,amplam
449 406 514 474 sibi
527 410 743 499 compararit
756 407 896 495 famam,
911 432 1024 502 cryp-

109 529 369 618 togamicarum
406 531 607 622 plantarum
646 543 821 601 scrutator
856 537 1023 625 inclytus,

69 722 91 753 x
109 656 377 744 Swartzius,
403 660 458 730 vir
474 661 681 728 clarissimus
698 662 836 749 meique
851 663 1024 728 amantis-

103 781 608 875 simaeumquopraeterea,
623 794 704 851 anta
716 807 826 851 annos
841 808 912 852 non
928 809 1024 877 pau·
1058 852 1061 857 .

64 894 186 994 *iffi
203 911 410 998 generalem
428 934 628 978 muscorum
645 909 892 978 frondosarum
907 910 1023 978 histo-

110 1035 214 1121 riam,
239 1036 385 1103 inimicis
402 1035 618 1230 temporigus
631 1037 875 1127 interruptam,
901 1047 1025 1128 postea

112 1159 256 1251 quidem
267 1171 469 1249 resumtum,
483 1185 548 1231 nec
566 1144 633 1230 'uhi
648 1171 765 1230 tamen
779 1161 924 1250 finitam,
940 1186 1023 1231 mo-

111 1282 195 1357 litus
210 1309 297 1354 sum.

182 1412 274 1481 Cum
283 1425 400 1482 autem
409 1414 445 1481 in
456 1406 652 1483 Hobkeri
666 1413 919 1504 monographia
930 1413 1022 1480 Iun-

177 1542 400 1609 manniarum
420 1537 567 1631 Angliae
590 1541 722 1608 multae
744 1544 876 1630 speeies
896 1541 1021 1609 Euro-

73 1728 78 1737 .
111 1686 237 1758 paese,
262 1688 414 1735 necnon
430 1667 466 1734 in
484 1666 557 1734 aliis
571 1666 719 1734 aliorum
739 1663 910 1735 botanicis
930 1691 1022 1758 ope-

64 1820 68 1831 ·
113 1790 211 1863 ribus
259 1794 476 1861 exotioarum
517 1793 710 1861 nonnullae
749 1776 913 1861 adcurate
955 1793 1024 1860 de-

112 1917 229 2012 pictae
249 1920 488 2006 inveniuntur,
521 1919 647 1987 harum
670 1917 822 2007 quidem,
855 1920 949 2008 quod
977 1917 1023 1986 ad

113 2041 247 2136 figuras
278 2047 414 2132 attinet,
447 2069 504 2137 ne·
518 2042 709 2138 proverbii,
742 2042 804 2112 Ne
826 2043 926 2136 quid
953 2045 1023 2111 ni-

73 2228 77 2239 .
112 2172 211 2257 mm,
243 2171 339 2240 obliti
355 2172 547 2258 videamur,
574 2171 747 2238 rationem
762 2171 1022 2239 nullamhabe-

111 2297 241 2384 bimus,
273 2321 418 2390 operam
433 2306 590 2365 nostram
607 2298 700 2364 ineo
716 2298 934 2388 potissimum
949 2321 1022 2388 po-

113 2425 227 2509 situri,
259 2434 300 2491 ut
319 2434 400 2491 ante
419 2425 539 2492 oculos
565 2425 725 2490 sistamus
749 2423 886 2513 plantas
908 2423 1023 2490 adhuc

112 2549 273 2618 nondum
296 2550 463 2640 depictas,
496 2558 556 2615 aut
576 2549 605 2616 si
627 2547 766 2638 quidem
786 2546 928 2633 fuerint,
961 2547 1023 2615 sed

112 2676 207 2744 male
223 2685 258 2744 et
274 2686 436 2743 enatura
454 2674 695 2762 abhorrentes,
731 2674 775 2742 ad
794 2675 949 2746 nativam
969 2667 1023 2740 sui

110 2801 267 2875 formam
284 2803 485 2870 delineatae.
609 2895 614 2906 ι

188 2924 246 2996 Ad
277 2925 384 2998 finem
410 2930 514 2998 huius
548 2927 707 3020 opusculi
736 2926 873 3017 species
900 2923 1023 3005 adieci,

112 3076 216 3144 quae,
256 3077 336 3122 cum
361 3055 445 3124 mihi
469 3064 530 3123 aut
550 3054 654 3146 plane
682 3054 823 3142 ignotae
844 3051 923 3138 sint,
964 3057 1024 3117 aut

111 3189 211 3248 certe
222 3179 361 3268 dubiae,
388 3205 430 3248 eo
455 3181 583 3271 magis„
591 3177 803 3247 desiderium
824 3178 1023 3251 excitarunt

108 3326 244 3391 meum,
282 3329 409 3398 meque
425 3307 570 3375 adhaec
584 3313 668 3376 vota
688 3294 843 3396 adigunt,
876 3312 926 3387 ut,
962 3301 1023 3392 qui

110 3431 202 3499 haee
218 3453 320 3501 saera
334 3433 466 3519 colunt,
499 3431 529 3500 si
542 3454 611 3522 qua
626 3429 704 3500 fieri
715 3439 842 3522 potest,
877 3449 1022 3518 operam

111 3579 241 3645 meam,
274 3558 486 3630 transmissis
513 3580 637 3626 aarum
658 3554 914 3649 speciminibus,
953 3551 1026 3621 ad«

111 3684 245 3761 iuvant
