2498 4380
149 114 221 180 est,
267 95 317 165 ita
341 114 383 165 ut
405 95 603 167 laetissimi
627 114 664 166 et
689 93 914 191 feracissimi
937 115 1091 201 terrae.

125 290 126 294 =
148 266 244 321 strae
259 272 423 335 recessus
438 247 526 318 huic
542 248 612 319 vili
628 250 881 342 plantularum
893 247 1021 343 generi
1036 271 1149 318 orna·

148 418 366 485 tumrsuum
390 421 426 470 et
449 402 646 473 laetissimi
678 399 756 497 agri
781 384 1019 484 fertilitatem·
1039 421 1150 471 suam

149 555 323 639 debeant,
369 555 507 650 quippe
531 579 624 650 qnae
648 555 849 623 humorem
873 570 1041 654 servant,
1086 577 1149 624 so·

148 696 225 781 lem
247 725 390 792 arcent,
418 727 454 777 et
466 708 653 778 maiorum
672 709 904 799 plantarum,
927 707 1148 802 graminum

149 863 400 956 arborumque
414 863 557 946 semina
577 859 712 932 fovent
735 883 935 953 earumque
960 859 1147 934 radiculas

149 1015 320 1114 reliqniis
345 1013 422 1084 suis
445 1015 639 1100 nutriunt,
684 1034 727 1084 u't
751 1013 969 1084 innumerae
985 1015 1150 1097 gtandem

52 1248 55 1255 ,
148 1168 336 1257 vermium
364 1166 493 1236 turbae
523 1170 706 1252 latebras,
738 1167 886 1237 ..avium
921 1191 1148 1243 canorarum

149 1321 251 1415 paria
273 1318 407 1405 nidos,
450 1345 631 1415 pecorum
653 1320 749 1393 vasti
779 1343 908 1417 greges
933 1339 1085 1413 pastum
1112 1342 1149 1394 et

148 1475 224 1569 ipsi
247 1474 423 1547 homines
450 1492 486 1543 et
510 1472 608 1544 vitae
630 1474 862 1559 adiumenta,
892 1474 1067 1553 et³animi
1086 1477 1147 1546 de·

147 1629 255 1702 licias
307 1645 343 1697 et
389 1626 527 1699 mentis
577 1627 882 1699 exercitationem
933 1590 1146 1702 inveniann·

112 1858 117 1873 ‚
149 1790 343 1861 Caeterum
378 1783 411 1853 si
442 1805 573 1852 verum
606 1799 681 1868 est,
742 1781 961 1879 vegetabilis
992 1764 1171 1856 naturae*

147 1936 327 2021 notitiam
358 1954 435 2002 esse
463 1957 545 2019 non
568 1956 688 2027 posse·
713 1936 940 2043 completam
983 1957 1020 2013 et
1054 1965 1145 2012 con·

147 2091 321 2175 cinnam,
366 2087 443 2159 nisi
468 2097 600 2159 omnes
623 2087 701 2157 eius
728 2088 944 2181 provincias
974 2112 1144 2163 accurate

61 2307 64 2315 .
148 2262 185 2331 et
215 2243 403 2332 subtiliter
435 2241 746 2336 cognoverimus:
793 2243 962 2338 sequitur
985 2262 1021 2313 et
1044 2218 1174 2330 eunn'

40 2381 43 2387 ¹
72 2464 74 2473 .
147 2396 215 2531 (Ψ
245 2395 418 2492 exiguam
450 2395 555 2483 illins
590 2413 733 2488 partem
769 2394 957 2488 perpolite
989 2395 1145 2483 studeat,

147 2548 482 2645 operaepretium
508 2546 645 2633 facere,
687 2547 800 2642 idque
829 2572 873 2618 eo
912 2544 1053 2645 magis,
1098 2549 1146 2620 si·

147 2704 301 2797 quidem
324 2728 454 2783 verum
479 2719 550 2786 est,
602 2701 706 2796 quod
737 2700 781 2769 tle
811 2700 918 2771 omni
948 2703 1146 2797 organicae

116 2876 299 2945 'naturae
331 2855 727 2952 inquisitionesvalet,
789 2835 1026 2961 simplicium
1066 2881 1145 2927 cor·

144 3006 283 3109 porum
309 3007 588 3104 compositione
606 3008 703 3097 inste
724 3009 971 3093 examinanda
988 3029 1025 3080 et
1044 3031 1149 3083 acute

145 3162 422 3257 interpretanda
446 3177 509 3231 aut
528 3160 737 3256 plurimum
761 3161 932 3254 adiuvari
955 3147 1019 3233 aut
1044 3162 1147 3260 peni·
