2498 4380
597 257 847 327 ..70..

346 432 366 475 a
382 413 530 477 varietate
546 437 565 492 y
588 413 616 479 1.
634 416 907 492 adiantoidio,
928 416 999 494 cni,
1019 436 1183 481 annuente

349 516 523 593 Swartzio,
548 521 686 602 proxima
703 531 752 584 est
765 521 843 585 haec
861 522 1000 603 species,
1029 542 1102 586 cam
1117 525 1182 586 dis-

350 624 536 687 cernendam
555 626 684 707 putavit.
732 626 884 689 Attamen
906 626 938 688 in
958 636 1091 713 utraque
1110 647 1183 708 spe-

350 730 417 802 cie,
440 731 630 808 udetectore
645 730 776 806 donata,
805 749 844 790 ex
864 729 1067 792 innovatione
1084 732 1185 794 cautis

348 832 510 896 lateralem
536 835 677 896 evasisse
705 831 977 898 fructificationem
1004 834 1186 899 observavi.

351 939 437 1002 Num
452 937 476 999 l.
496 939 724 1017 patulasatia
742 937 1067 1012 aLadiantoide,
1099 938 1187 1006 foliis

353 1045 421 1115 vix,
444 1044 502 1105 nisi
519 1045 622 1121 apice,
656 1043 792 1106 dentatis
809 1040 949 1117 differat,
979 1045 1188 1125 peritioribus

257 1138 260 1144 ¹
353 1158 404 1211 est
419 1146 658 1207 diiudicandum.

320 1272 349 1319 a.
371 1251 474 1314 Huius
492 1250 609 1331 speciei
625 1251 757 1312 varietas
771 1268 809 1309 ex
823 1245 941 1313 Guinea
962 1270 1033 1314 ease
1060 1253 1189 1318 videtur

359 1354 596 1437 Carpoiepidum
612 1353 782 1415 dichoto
793 1355 1062 1423 numismati.
1073 1359 1190 1425 now.

358 1468 383 1520 t.
405 1478 457 1539 13,
482 1456 553 1531 ia,
577 1455 658 1520 sir.
682 1455 980 1538 Lpectiuatan.
997 1479 1045 1542 ap.
1077 1460 1190 1529 Wiild.

358 1564 398 1623 ad
413 1563 492 1625 hanc
506 1562 639 1645 plantam
655 1561 810 1642 pertinere
824 1561 958 1626 videtur.

96 1723 240 1797 {naama
280 1728 339 1804 66.
366 1727 393 1800 1.
422 1729 522 1801 foliis
544 1728 764 1811 imbricatis,
802 1734 1040 1825 patenti-vel
1066 1735 1195 1810 subdi-

102 1830 238 1900 simii·
341 1849 605 1943 vergentibus,
642 1852 1001 1940 semiverticalibuS,
1038 1855 1196 1957 oblique

287 1972 290 1980 ’
340 1974 530 2064 oblongis,
556 1974 664 2068 apice
676 1970 850 2047 dentatis.

322 2113 457 2179 Sivartz.
473 2112 571 2176 Meth.
590 2131 687 2175 muse.
704 2110 747 2176 ill.
762 2121 785 2174 t.
799 2131 837 2187 2,
859 2112 884 2177 f.
903 2132 933 2181 1.

323 2217 502 2298 Schwaegr.
520 2216 627 2282 Prodr.
642 2235 671 2298 p.
687 2231 738 2296 25.

365 2321 403 2387 ln
417 2322 499 2386 lava.
541 2319 773 2403 Thnnbergiua.

555 2502 922 2589 Descriptio.
1055 2558 1058 2564 .

326 2609 430 2697 Cauiis¹
448 2631 630 2714 simpliciter
642 2634 796 2714 pinnatus.

326 2737 413 2804 Folia
435 2737 609 2810 imbricata,
636 2736 993 2818 patenti-divergentia,
1007 2739 1073 2803 ⁴vel
1091 2738 1201 2804 subdi·

367 2841 541 2921 vergentia,
584 2840 836 2916 semiverticalia,
876 2861 1030 2919 convexa,
1073 2842 1201 2931 obliquo

366 2946 519 3027 oblonga,
542 2946 629 3027 apice
643 2945 776 3008 dentata.

499 3130 989 3196 Observationum

330 3271 360 3318 1.
384 3251 501 3317 Differt
516 3277 534 3318 a
549 3253 575 3317 Ι.
598 3257 738 3336 patula
755 3254 841 3319 foliis
856 3254 1069 3337 longioribus.
1102 3275 1203 3341 angu-

370 3357 534 3434 stioribus,
557 3359 758 3433 arctioribus,
780 3342 1029 3440 patentioribus,

330 3479 362 3525 α.
383 3460 432 3524 Ex
444 3463 534 3524 icone
547 3462 692 3527 Swartzii
708 3464 835 3527 calicina
846 3462 923 3527 folia
939 3472 972 3526 et
985 3461 1083 3536 calix,
1108 3450 1137 3527 'a
1155 3484 1205 3527 mo

371 3564 451 3627 hand
466 3568 651 3641 examinata,
674 3579 709 3628 ut
725 3568 757 3630 in
777 3565 802 3630 Ι.
822 3567 1062 3631 adiantoide
1088 3579 1123 3630 et
1140 3564 1207 3631 affi-

369 3668 460 3731 nibus
475 3668 567 3734 huins
581 3671 707 3753 generis
728 3672 892 3756 speciebua
910 3669 1111 3737 conformata
1134 3692 1208 3737 esse

370 3773 524 3838 videntur.
