2498 4380
452 310 501 322 ...
553 294 700 364 99...

208 476 238 524 y.
262 455 542 532 aeruginosam

207 555 292 616 idem
310 565 418 617 auctor
430 556 575 630 laudavit,
590 566 622 619 et
637 556 675 618 ad
691 557 717 618 Ι.
734 553 932 617 furcarum
943 553 1034 619 Liou.

204 658 323 720 retulit.
367 657 424 720 Est
439 661 522 721 enim

249 784 352 847 Riccia
376 783 635 875 fruticulosa
658 784 764 847 Dicks.
789 781 867 844 fasc.
886 802 921 859 1,
951 800 982 863 p.
1004 791 1035 858 8,

291 888 443 961 (excluso
461 908 530 969 syn.
547 887 625 950 Flor.
642 888 748 962 Dan).

251 991 405 1072 Iungerm.
425 990 548 1054 frutic
561 992 673 1054 uiosa
690 990 782 1072 Engl.
798 992 861 1055 bot.
882 1004 974 1072 2514.

206 1113 282 1196 Ipse
304 1115 383 1177 hanc
398 1114 534 1178 Ricciam
556 1113 845 1179 frutioulosam
870 1117 913 1177 iil.
940 1113 1038 1179 Diok-

205 1220 278 1280 soni
303 1220 409 1280 colore
433 1229 465 1279 et
485 1218 592 1281 fronde
614 1222 818 1284 erectiuscula
840 1220 1037 1282 solummodo

208 1342 224 1382 a
236 1319 261 1384 Ι.
279 1321 295 1382 f
304 1342 323 1384 u
334 1321 472 1386 rcataL
491 1321 625 1398 differre,
636 1334 772 1387 attamen
783 1325 888 1404 specie
902 1322 1038 1398 differre,

208 1434 298 1506 puto.
352 1424 410 1487 Est
441 1427 523 1486 enim
551 1428 625 1489 haec
656 1410 765 1508 planta
794 1426 819 1489 I.
847 1428 1062 1491 violacea·

204 1527 348 1599 Achaeti,
375 1529 464 1590 cuius
484 1529 724 1595 delineationem
747 1531 833 1594 dedit
851 1533 883 1593 in
901 1529 991 1597 Web.
1004 1538 1038 1593 et

206 1632 309 1694 Mobr.
328 1631 467 1708 Reitr.I‚
491 1643 515 1694 t.
536 1653 570 1706 1,
592 1633 711 1715 f.1-3.
759 1633 853 1699 Coof.
868 1632 895 1698 Ι.
915 1635 1038 1697 viola-

208 1755 278 1797 cea
301 1746 419 1816 u.'103.

108 1945 208 2000 102·
236 1923 263 1997 l.
283 1924 419 1998 froude
431 1928 578 2009 lineari,
613 1947 783 2012 ramosa,
814 1927 1034 1999 extremita-
1070 1938 1234 2024 pubescens

179 2048 284 2120 tibus
301 2047 476 2128 furcatis,
509 2068 693 2129 nervosa,
725 2058 807 2123 tota
829 2045 1032 2144 superficie
1081 2044 1229 2112 Schrmk.

182 2171 364 2261 utrinque
378 2169 623 2264 pubescente.

157 2328 313 2395 Schrank.
332 2329 449 2393 Primit·
471 2330 542 2393 flor.
558 2328 668 2394 Salisb.
690 2329 762 2406 860.

156 2432 290 2496 Schrad.
306 2431 433 2497 Samml.
452 2455 482 2497 u.
499 2453 568 2497 110.

159 2537 183 2599 1¹
187 2535 280 2598 unck.
295 2534 424 2600 Summi.
439 2557 467 2598 n.
483 2537 533 2617 96.

157 2640 256 2702 Web.
274 2652 306 2701 et
327 2642 426 2707 Mohr.
445 2639 488 2702 u.
505 2649 604 2722 crypt.
619 2636 726 2702 Germ.
738 2657 766 2720 p.
781 2655 854 2721 435.

159 2743 344 2825 Schwaegr.
358 2743 465 2805 Prode.
485 2762 515 2825 p.
532 2762 583 2826 31.

156 2848 187 2910 Ι.
201 2856 431 2910 tomentosa
447 2845 565 2910 Hoffm.
579 2846 624 2910 Fi.
642 2851 743 2926 crypt.
761 2842 865 2908 Germ.
878 2863 908 2926 p.
925 2866 976 2926 91.

203 2949 240 3013 In
256 2948 440 3014 Germaniae
454 2951 581 3030 rupibus
595 2946 817 3029 arboribusque
831 2947 997 3013 invenitur.

395 3132 762 3216 Descriptio.

151 3284 260 3349 Frons
281 3282 421 3356 linearis,
453 3301 591 3356 ramosa,
622 3280 870 3348 extremitatibus
900 3281 1041 3361 furentis,

200 3405 353 3459 nervosa,
375 3386 596 3465 integerrime,
625 3394 689 3450 tota
705 3382 872 3468 superficie
892 3389 1041 3469 utrinque

198 3488 388 3569 pubescens,
405 3490 523 3555 viridis.

147 3589 379 3663 fructificatio
393 3590 469 3657 mihi
483 3595 601 3674 ignota.
