2498 4380
529 162 781 291 ..554

239 425 271 491 5.
292 393 1071 488 Illustrismeiqueamantissimanahleobergios
1084 395 1116 458 in

282 512 375 576 Flora
396 509 518 588 Carpat.
546 507 608 569 hoo
637 507 707 587 ipso
742 511 904 575 momento
927 509 1060 582 accepta
1094 498 1114 561 l.

284 637 312 678 c.
325 614 463 700 quidem
486 609 626 685 affirmat,
661 608 769 674 Suecio
797 624 1001 689 persuasum,
1032 602 1115 664 hane

121 706 145 777 J
254 738 257 744 ·
284 720 421 798 plantam
439 716 517 777 haud
535 735 606 778 esse
624 713 812 777 Linoeanam
834 708 860 772 1.
883 706 1112 778 iulnceam,

287 841 377 913 quam
410 821 596 882 sententiam
620 814 774 880 affirmant
798 811 930 892 Angiioe
965 811 1115 872 botanici.

181 943 184 946 ⁴
247 965 253 978 .
285 925 354 998 Qua
367 925 487 988 ratione
501 920 729 985 commoturFl.
741 918 863 1000 Carpat
871 923 985 978 auctor
999 933 1115 976 nomen

163 1061 167 1068 ·
286 1028 473 1092 aSwartzio
490 1028 595 1089 datum
615 1025 639 1091 1.
655 1024 800 1086 nivalis
820 1020 951 1100 recepit.
975 1017 1049 1098 Ego
1062 1038 1117 1098 pu·

287 1145 357 1194 tans
372 1143 533 1212 utramque
548 1151 563 1189 a
580 1130 715 1192 Liooaeo
733 1125 816 1189 forte
829 1127 1111 1199 cumulatameese,

290 1255 361 1296 cum
380 1254 463 1297 nunc
477 1236 512 1296 ab
526 1235 672 1296 Hoolrero
687 1233 831 1311 egregiae
844 1232 936 1291 datae
949 1232 1017 1294 sint
1036 1231 1133 1320 figo-k

291 1360 360 1413 rae,
383 1340 463 1400 hunc
479 1339 583 1422 sequi,
607 1357 670 1398 non
687 1336 837 1399 iniustum
852 1335 982 1397 credidi.

248 1443 278 1511 6
299 1443 347 1506 Ill.
357 1443 531 1511 Hoolrerua
544 1441 617 1506 huic
637 1441 752 1523 speciei
767 1438 898 1509 foliau
858 1439 1051 1534 Q
1022 1445 1121 1504 rtri·

291 1547 368 1608 buit.
421 1545 492 1625 lpse
507 1559 584 1625 puto
598 1545 674 1607 folia
690 1554 723 1606 et
735 1543 954 1624 amphigaatria
972 1546 1121 1609 edoctisss

292 1650 373 1708 simo
391 1651 455 1710 viro
472 1649 564 1710 simul
576 1649 648 1709 folio
660 1670 729 1711 erse
746 1655 933 1727 nuncupata.

251 1770 282 1832 7.
306 1752 418 1814 Omnia
436 1771 624 1833 synonyma,
646 1756 715 1834 quia
729 1753 808 1815 haud
825 1764 907 1817 certa
922 1750 989 1817 fide
1006 1756 1124 1820 laudari

292 1868 435 1938 possunt,
452 1858 557 1930 omisi,
580 1875 652 1918 cum
666 1876 737 1917 mox
752 1859 829 1919 haec
843 1877 917 1919 mox
930 1859 983 1922 illa
995 1864 1123 1944 operies

228 1950 259 1964 ”
292 1959 1123 2031 moxinlaceamoxconcinnataabauctoribut

293 2065 336 2128 sit
355 2075 537 2149 nuncupata.
578 2064 672 2131 conf.
688 2064 868 2149 Schwaegr.
883 2085 911 2147 p.
928 2076 979 2142 18.

25 2283 164 2351 dietarios
214 2287 274 2377 49.
299 2274 324 2347 I.
352 2275 450 2348 foliis
478 2278 723 2369 inaequaliter
748 2277 950 2372 bipartitiS,
990 2278 1125 2352 lacinia

0 2420 31 2450 ι·
46 2407 94 2473 ⁸9·
110 2391 193 2503 Bfid·
278 2400 459 2469 interiore
478 2396 592 2493 duplo
605 2402 759 2484 maiore,
776 2406 901 2479 ovata,
925 2403 1127 2474 exteriore

182 2566 185 2571 >
278 2519 497 2592 lanceolata.

299 2683 333 2745 lo
355 2684 455 2746 insola
467 2684 602 2748 Mauritii
617 2683 735 2748 detexit
749 2689 890 2771 Boryos,
918 2687 976 2752 sub
995 2689 1056 2755 hoc
1072 2711 1129 2756 oo·

256 2791 342 2853 mine
355 2791 431 2852 olim
449 2789 691 2854 communicarit
706 2790 749 2854 ill.
763 2791 927 2858 Brideliur.

488 2979 855 3062 Descriptio.

258 3125 361 3190 Cauiis
375 3147 532 3201 ramosus,
554 3128 646 3190 ramis
665 3129 811 3209 pihnatim
825 3126 1003 3204 ramulosis,
1024 3149 1130 3197 ramo·

301 3229 338 3290 lis
359 3229 512 3293 fertilibus
534 3231 694 3305 brevibus,
732 3235 940 3316 simplicibus,
969 3234 1059 3312 epioe
1083 3237 1131 3297 io·

301 3334 462 3407 crassatio,
484 3335 643 3396 sterilibus
656 3336 879 3411 subdivisio,
870 3357 903 3407 m
919 3334 1046 3417 flagella
1061 3337 1132 3402 loo-

301 3457 340 3519 ga
358 3439 545 3514 attenuatio,
567 3439 755 3502 recurris.

258 3539 348 3608 Folia
368 3552 452 3602 arcte
468 3541 645 3614 imbricata,
675 3543 830 3620 patentia,
861 3542 1069 3625 inaequaliter
1086 3544 1135 3608 bi·

300 3645 428 3727 partita,
450 3642 569 3708 laciniis
583 3647 700 3720 acutis,
721 3647 872 3711 interiore
886 3647 983 3725 duplo
1002 3651 1136 3725 maiore,

300 3759 407 3825 orata,
429 3749 583 3814 exteriore
597 3741 787 3827 lanceolatr,
807 3752 1021 3833 integerrima.
