2498 4380
109 1258 170 1391 In
184 1333 317 1396 vestras
330 1346 455 1404 manus
463 1375 474 1414 ,
498 1326 648 1396 lectores
662 1326 836 1415 benevoli,
861 1325 913 1393 uti
924 1345 1015 1416 pro-

111 1450 276 1518 dromum
318 1451 486 1522 historiae
531 1477 732 1522 muscorum
773 1452 1017 1543 hepaticorum

111 1577 215 1643 trado
230 1576 293 1644 has
307 1578 501 1668 diagnoses,
527 1581 752 1647 auctoritates
770 1580 924 1663 iconum,
949 1555 1017 1664 syf-

109 1704 254 1801 nonima
268 1706 469 1795 praecipua,
494 1706 743 1797 descriptiones
758 1714 794 1773 et
808 1703 1018 1772 illustratio-

111 1853 176 1898 nes
207 1829 333 1896 harum
357 1829 461 1898 huius
489 1832 620 1899 ordinis
640 1832 847 1922 specierum,
874 1852 960 1920 quas
980 1829 1020 1896 in

110 1978 235 2024 museo
247 1955 322 2045 ipse
334 1957 506 2047 possideo,
533 1966 568 2024 et
582 1978 718 2024 summa
735 1954 923 2046 diligentia,
947 1953 1021 2020 mi-

111 2084 283 2173 croscopii
297 2083 480 2173 compositi
493 2105 572 2174 ope,
585 2083 714 2150 iterum
725 2083 923 2168 iterumque
933 2079 1022 2170 per-‘

110 2218 287 2287 scrutatus
306 2231 393 2275 sum.
453 2208 528 2278 Iam
550 2217 631 2278 ante
647 2208 773 2299 plures
787 2230 898 2279 annos
918 2188 1022 2274 simul

111 2358 194 2404 cum
208 2333 397 2419 Mohrio,
415 2357 519 2424 quem
528 2359 608 2402 cum
620 2359 870 2422 commemoro,
888 2333 1021 2402 tristis-

111 2462 201 2528 sima
213 2460 303 2527 illius
317 2458 383 2528 diei
396 2461 489 2537 subit
504 2462 631 2551 imago,
641 2462 925 2560 quicarissimum
938 2458 1024 2548 mihi

113 2587 243 2678 eripuit
257 2586 419 2672 amioum,
452 2608 525 2653 non
540 2587 646 2654 modo
658 2589 771 2655 nostri
784 2588 874 2654 a'e'ris
887 2585 1023 2675 solique

111 2712 244 2782 incolas
259 2712 362 2779 huius
377 2713 520 2799 ordinis,
549 2713 593 2781 de
607 2715 733 2804 quibus
745 2715 781 2781 in
789 2713 818 2781 F
820 2714 897 2782 lora
912 2734 1024 2802 cryp-
1041 2802 1044 2807 y

111 2839 286 2930 togamica
303 2836 516 2906 Germaniae
534 2839 798 2930 disputavimus,
837 2839 899 2905 sed
920 2837 1026 2903 etiam

111 2964 300 3033 nonnullas
354 2965 509 3032 exoticas
558 2940 754 3032 accuratius
808 2960 1025 3052 investigavi.

111 3091 305 3182 Postquam
331 3113 536 3189 supremum
569 3091 654 3158 obiit
685 3091 788 3177 diem,
821 3089 883 3179 qui
908 3086 1026 3155 multis

110 3217 214 3285 bonis
227 3215 351 3284 flebilis
364 3215 502 3304 occidit,
528 3214 614 3281 nulli
626 3214 788 3302 flebilior,
807 3237 912 3305 quam
930 3213 1026 3299 mihi,

90 3324 167 3410 'his
197 3343 349 3433 vestigiis
383 3340 478 3409 solus
512 3341 633 3429 institi,
671 3341 865 3432 seduloque
900 3340 1027 3446 irarum

110 3468 327 3561 plantarum,
361 3468 568 3558 praesertim
593 3468 822 3555 exoticarum,
862 3456 1031 3536 curatiori

110 3595 352 3665 observationi
382 3616 527 3685 operam
556 3595 692 3664 navari.
769 3593 876 3682 Quod
911 3600 1029 3659 antem
1116 3597 1119 3602 ’
1196 3594 1198 3599 ’

111 3741 207 3789 nnnc
227 3719 371 3788 demum
403 3702 494 3789 hanc
514 3719 677 3813 opellam,
702 3721 785 3790 licet
797 3721 938 3790 interim
957 3741 1028 3793 va-
