2498 4380
432 237 682 304 ..23-

207 417 268 491 tis,
291 413 462 499 appendice
480 413 622 488 maxims,
637 412 818 492 lanceolata,
839 422 939 490 scuta,
961 414 1010 479 in·
1062 490 1078 515 ,

96 516 99 523 ⁴
207 520 391 600 tegmina,
431 521 570 601 margine
590 517 708 582 reflexo
731 517 817 596 (fere
841 521 935 583 dorso
960 538 1011 582 ca·

208 622 400 695 naliculcto).

168 749 402 828 Amphigastrin
425 748 562 823 maiora,
597 756 709 823 ovata,
744 743 856 815 bifida,
891 745 1012 809 laciniis

209 854 327 926 acutis,
348 853 572 932 integerrimis.

169 976 260 1042 Folia
277 976 404 1039 caliciua
418 994 547 1058 magna,
568 975 757 1051 acuminrta,
779 975 924 1039 ruriculis
942 995 1014 1037 scu-

211 1082 347 1143 minatis.

169 1204 405 1286 Amphigastris
417 1203 546 1267 caliciua
558 1202 742 1285 profundius
759 1202 875 1277 divisa,
895 1204 1016 1268 laciniis

211 1308 374 1391 elongatis.

174 1432 334 1509 Quantum
357 1433 463 1496 videre
483 1430 572 1508 licuit
592 1430 625 1492 iu
648 1432 782 1511 partium
804 1432 955 1503 mInutie,
983 1437 1017 1494 et

210 1538 284 1599 lolia
297 1548 330 1600 et
348 1535 569 1618 amphigastria
590 1534 717 1596 calicina
736 1533 922 1617 illorumque
935 1535 1018 1598 auri·

88 1637 94 1647 '
212 1640 299 1706 culae
312 1642 525 1722 integerrima.

252 1896 255 1900 *
380 1865 756 1930 observatis

210 2016 240 2078 A
260 2009 285 2075 1.
311 2011 483 2075 dilatata
508 2009 664 2073 auriculae
684 2008 854 2090 appendice
888 2011 1020 2073 maxima

169 2123 205 2178 et
231 2114 314 2178 foliis
334 2115 622 2196 amphigastriisque
646 2114 784 2176 celicinis
808 2113 884 2176 satis
903 2113 1020 2178 differt.

170 2221 304 2285 Habitus
331 2220 438 2300 stirpis
459 2221 502 2281 ita
519 2238 590 2281 cum
603 2218 731 2282 Dillenii
757 2216 858 2300 figura
880 2220 1018 2302 quadret,
1125 2300 1128 2307 Ι

171 2336 208 2387 ut
224 2325 262 2385 de
277 2325 448 2406 synonimo
463 2322 598 2402 allegato
615 2325 666 2386 vix
679 2324 777 2387 ullum
794 2322 869 2386 mihi
885 2327 1021 2406 supersit

169 2426 308 2489 dubium.
351 2424 565 2506 Crispaticne,
585 2425 665 2490 bene
680 2450 697 2490 a
710 2425 847 2490 Dilleuio
864 2444 1020 2508 expressa.

170 2532 269 2610 stirps
283 2529 379 2591 etiam
391 2528 532 2608 insignis.
573 2528 730 2594 Foliorum
741 2531 894 2593 auriculas
908 2544 940 2594 et
954 2543 1021 2594 am·

156 2634 343 2715 ,phigastria
364 2631 397 2692 iu
414 2631 471 2692 hac
487 2630 709 2716 micrcsccpicc
730 2634 836 2715 specie
861 2633 939 2695 haud
961 2634 1020 2696 rite

172 2738 338 2799 observare
362 2736 466 2814 potuit
484 2733 649 2799 Dillenius.
704 2737 801 2800 Forte
816 2729 1020 2800 auricularum

171 2838 358 2921 appendices
376 2856 432 2918 pro
447 2837 678 2918 amphigastriia
697 2840 824 2915 habuit,
858 2860 930 2902 vera
955 2860 1020 2902 am-

173 2944 343 3026 phigastria
356 2940 435 3004 haud
451 2941 569 3004 videns.

63 3250 68 3259 ,
107 3195 148 3268 9.
175 3172 203 3245 1.
220 3171 319 3246 foliis
334 3174 578 3252 acuminatis,
614 3174 869 3264 integerrimis
879 3198 895 3285 ς,
921 3175 1020 3249 foliis
1053 3199 1218 3283 Tamrffm

186 3303 227 3367 et
247 3286 526 3390 amphigastriis
542 3295 706 3367 caliciuis
719 3296 984 3389 integerrimis.
1086 3308 1180 3375 Web.

214 3455 264 3520 At
285 3453 405 3518 laurum
427 3457 510 3519 inter
523 3472 650 3517 muscos
669 3454 702 3517 in
725 3455 827 3521 insula
842 3455 1020 3521 Teneriffcc

171 3558 293 3620 detexit
306 3561 440 3643 Boryus.
489 3555 739 3624 communicavit
758 3559 831 3624 olim
847 3563 1020 3645 specimina

170 3662 338 3727 Bridelius.
