2498 4380
537 237 881 325 ardo-f

276 417 430 482 carissimus
449 416 497 470 Dr.
516 417 671 484 Flueggius,
696 418 916 486 Hamburgensis,
941 417 986 488 qui
1005 416 1128 469 omnibus

222 488 357 541 botanic'es
372 490 461 539 studio
480 505 588 554 operam
601 491 766 554 navantibus,
789 508 843 540 non
861 493 948 541 solum
961 490 1128 553 Germaniae,
1161 526 1164 531 -

220 559 361 611 sedetiam
378 560 462 610 totius
475 560 611 626 Europae,
636 577 714 626 quam
733 563 779 612 ille
798 578 887 613 amore
900 563 933 611 ad
949 558 1130 626 investiganda

217 631 375 694 vegetabilia
386 630 524 693 incensus,
547 641 630 681 totam
645 631 700 680 sere
718 633 898 699 perlustravit,
925 631 1041 700 inclytus
1058 649 1127 680 acu-
1158 622 1170 689 l

218 700 387 766 tissimusqne
405 701 501 763 evasit,
525 702 569 766 qui
592 717 697 750 omnem
719 702 867 752 studiorum
889 719 997 752 auorum
1014 703 1129 752 fructum
1162 718 1165 723 ·

221 770 375 838 omnesque
386 789 427 822 res
449 771 588 821 familiares
607 772 707 837 patriae
720 770 778 823 urbi
795 770 898 835 dicans,
916 773 1049 838 egregium
1064 771 1128 837 pul-

221 842 439 908 cherrimamque,
458 859 533 906 quem
548 858 663 908 unquam
674 843 743 905 vidi,
766 842 886 893 condidit
897 843 1005 892 hortum
1018 842 1128 890 botani-
1159 840 1163 845 '

221 928 295 971 cum,
328 913 406 963 decus
426 912 497 961 olim
512 911 582 962 urbis
602 912 760 979 Hamburgi,
792 912 906 963 inimicis
925 910 1129 977 crudelibusque
1161 974 1164 981 Ι

221 984 340 1033 manibus
356 985 420 1033 heu!
438 999 508 1032 nunc
522 981 696 1042 destructum
719 983 804 1047 idem,
822 984 919 1033 eversis
933 982 1030 1049 opibus
1047 983 1127 1031 dere·
1164 996 1170 1047 t

221 1054 345 1120 lictisque
358 1053 435 1103 vastia
446 1053 544 1115 ruinis,
569 1053 601 1102 ad
616 1053 803 1119 explorandam
821 1053 871 1103 sibi
886 1054 992 1119 suisque
1005 1051 1129 1103 dilectis·
1160 1058 1170 1129 p

221 1125 295 1173 simis
310 1125 411 1185 sedem,
437 1123 699 1187 licetaubrusticam‚
725 1125 894 1191 tranquillam
905 1134 1007 1185 tamen,
1026 1122 1128 1174 Holsa-
1159 1132 1170 1195 p·

221 1194 285 1245 tiam
297 1196 463 1261 permetiens,
483 1195 559 1243 etiam
568 1211 617 1255 mc,
636 1194 755 1259 amicum,
774 1211 887 1261 quocum
899 1194 927 1245 in
940 1193 1029 1245 Gallia
1038 1208 1130 1259 quon-

221 1265 282 1316 dam
295 1267 389 1318 itinera
402 1265 472 1327 fecit,
491 1265 640 1330 nuperrime
654 1265 784 1315 salutavit.
820 1265 887 1315 Cum
900 1263 1033 1316 revisione
1050 1260 1130 1313 huius

220 1336 361 1404 prodromi
378 1336 504 1386 historiae
530 1351 679 1384 muscorum
704 1335 886 1402 hepaticorum
908 1345 1067 1402 occupatum
1088 1333 1129 1382 m'e

221 1407 367 1473 reperiret,
392 1406 541 1470 generalem
560 1406 817 1470 langermanniarum
831 1406 960 1468 indicem,
986 1422 1020 1457 ex
1033 1415 1129 1454 aucto-

217 1487 280 1528 rum
297 1477 421 1543 operibus
436 1477 467 1525 ab
479 1477 538 1542 ipso
553 1476 737 1542 conscriptam,
756 1475 894 1543 promisit,
913 1485 1059 1543 posteaque
1070 1491 1130 1524 me·

221 1565 281 1598 cum
303 1548 432 1600 benevole
451 1545 659 1596 communicavit.
708 1546 771 1612 Quo
789 1547 818 1596 in
838 1546 928 1596 indice
945 1545 1035 1596 inveni
1056 1561 1130 1594 non·
1166 1572 1169 1577 ·

219 1618 296 1668 nulla'
313 1619 390 1669 huius
411 1618 513 1681 generis
536 1615 721 1681 vegetabilium
748 1618 856 1667 nomina
874 1617 910 1666 iu
925 1615 979 1666 hoc
999 1616 1131 1682 opusculo

219 1688 292 1740 haud
306 1697 521 1750 commemorata,
547 1703 613 1752 quae
633 1685 738 1750 quidem
752 1687 786 1737 ad
800 1686 990 1755 perfectiorem
998 1684 1071 1737 hanc
1084 1686 1131 1738 in·

221 1758 308 1810 dicem
323 1757 483 1809 reddendam
496 1768 583 1807 mente
594 1757 740 1821 gratissima
750 1755 877 1826 adiungo.

220 1855 243 1909 Ι.
261 1855 350 1922 alpina
367 1853 448 1906 Lirm.
466 1864 507 1905 eet
523 1854 667 1906 Andreaea.
1168 1866 1170 1907 ἶ

256 1927 376 1996 aquatica
389 1924 517 1978 Schrank.
531 1927 559 1976 in
578 1926 618 1976 Pl.
630 1926 694 1978 Bar.
712 1935 778 1975 tom.
792 1922 826 1989 11,
844 1940 871 1992 p.
885 1922 947 1993 496.
982 1921 1052 1974 Dill·
1070 1928 1091 1975 t.
1106 1919 1143 1987 6,.

255 2067 336 2119 bifida
351 2065 469 2119 Schmid.
482 2065 514 2116 ad
527 2064 548 2115 Ι.
562 2065 694 2116 Francisci
707 2063 799 2115 Hook.
813 2062 935 2131 allegata.

254 2137 395 2207 byssoides
408 2137 495 2188 Stark.
533 2135 613 2186 conf.
629 2137 671 2187 Fl·
686 2146 771 2203 crypt.
783 2134 873 2192 Germ,
892 2152 919 2203 p.
932 2135 996 2188 425.

256 2207 484 2261 cochleariformis
511 2207 597 2260 With.
618 2218 659 2258 ert
685 2207 706 2257 1.
731 2221 871 2256 nemorosa
891 2210 914 2274 β
939 2219 1133 2274 purpurascere

308 2279 399 2330 Hook.
811 2311 812 2314 ,

255 2348 481 2402 cochlearisormis
496 2345 629 2400 schleich.
668 2345 750 2396 Conf.
763 2345 804 2397 Fl.
818 2345 911 2397 Germ.
921 2361 949 2413 p.
962 2344 1025 2397 426.

256 2419 468 2489 cupressiformis
483 2419 550 2468 Lam
576 2417 638 2467 aad
651 2416 672 2466 1.
688 2416 821 2467 dilatatam
831 2417 925 2483 Lina„
951 2415 1021 2472 dad
1033 2414 1058 2468 1.
1070 2414 1131 2482 pla-

309 2488 458 2556 typhyllam
469 2487 547 2538 Linn.
562 2490 594 2538 ab
606 2487 735 2537 Hookero
749 2483 863 2538 laudata.

256 2559 398 2612 cordifolia
409 2557 492 2609 Ehrh.
529 2557 608 2610 Conf.
622 2557 663 2608 ΡΙ.
675 2568 759 2623 crypt.
776 2556 867 2608 Germ.
885 2572 913 2624 p.
928 2557 990 2608 424.

256 2628 415 2697 globulifera
434 2629 503 2680 Poll.
538 2633 581 2679 An
603 2627 766 2694 bicuspidata
785 2627 886 2680 Linmi
914 2627 958 2678 An
980 2625 1133 2678 ventricosa

308 2698 420 2753 Dioka?
457 2698 538 2749 conf.
558 2699 679 2749 Hookeri
695 2714 771 2767 opua.

255 2770 407 2839 iuniperina
421 2768 505 2821 Ehrh.
543 2767 623 2819 Conf.
636 2769 677 2824 Fl.
692 2779 777 2837 crypt.
792 2768 883 2820 Germ.
905 2783 933 2833 p.
947 2767 1010 2818 400.

183 2852 186 2859 '
255 2858 381 2895 nemorea
395 2840 475 2894 Linn.
493 2842 563 2907 Syst.
572 2850 657 2905 reget.
678 2868 708 2879 ·—
729 2855 870 2891 nemorosa
878 2837 959 2887 Linn.
974 2837 1006 2903 in¹
1014 2836 1076 2885 aliis
1088 2851 1133 2901 op.

255 2914 388 2979 nigricans
405 2912 528 2962 Lamark.
549 2910 580 2960 ab
601 2910 693 2963 Hook.
712 2910 745 2961 ad
762 2926 835 2961 suam
859 2908 881 2959 1.
902 2907 1036 2958 tamariaci
1060 2905 1134 2971 (uo-

309 2995 388 3033 stram
403 2983 424 3032 1.
439 2981 587 3045 dilatatam)
608 2981 694 3031 allata.
796 2988 799 2992 “
1112 2985 1117 2993 ’

255 3054 383 3122 paludosa
397 3052 528 3102 Schleich.
565 3051 645 3101 conf.
660 3052 700 3101 Fl.
716 3050 806 3102 Germ.
818 3066 845 3117 p.
862 3046 906 3099 64.

256 3123 413 3191 polyphylla
428 3126 481 3174 Sw.
496 3132 535 3173 est
548 3122 568 3173 L
582 3122 694 3188 palmata
706 3122 803 3174 Hedw.

256 3210 388 3263 purpurea
400 3192 479 3260 Engl.
494 3194 550 3244 bot.
561 3203 601 3244 est
617 3192 638 3243 1.
659 3208 800 3244 nemorosa
811 3189 833 3253 β
845 3203 1042 3258 purpurascere
1055 3187 1137 3263 Hoc-

309 3265 376 3315 keri.

256 3335 385 3401 rupeatris
403 3334 484 3384 Linn.
500 3344 540 3385 eat
552 3332 697 3385 andreaea.

257 3406 359 3456 sinuata
370 3404 632 3471 Dupetit-Thouars.
645 3401 834 3467 investiganda.
990 3442 993 3446 .

256 3475 385 3525 tamarisci
404 3475 535 3527 Miclraux.
572 3472 917 3538 conf.F1.crypt.Germ.
936 3487 964 3540 p.
986 3473 1052 3526 4052

257 3537 455 3598 Thouaresiana
467 3547 574 3613 Fluegg.
588 3543 776 3609 investiganda.

557 3758 797 3788 *ὓ
