2498 4380
551 226 776 296 ...6.-

204 414 292 500 riae,
316 407 472 481 eiusdem
485 408 561 479 fere
574 411 781 503 argumenti,
804 411 1113 481 commentationes
1166 394 1169 401 ¹

206 543 245 611 in
265 537 418 607 medium
439 538 509 604 sint
528 538 699 630 prolatae,
732 537 872 627 publico
898 538 1115 607 eruditorum

208 664 362 735 examini
377 663 582 731 submittere
600 663 724 748 audeo,
759 662 806 748 id,
840 686 885 729 an
900 673 998 731 recte
1019 688 1042 731 a
1063 687 1116 733 mo

207 789 340 859 factum
356 790 411 877 sit,
437 797 621 879 etgratum
631 789 802 858 botanicis
816 788 990 874 futurum,
1016 814 1119 883 ape-

208 916 390 987 ritioribus
425 915 491 982 erit
521 905 815 984 diiudicandum.¹
852 917 964 1006 Spero
987 926 1120 1005 tamen,

210 1043 387 1111 neminem
414 1039 472 1109 hic
500 1041 779 1111 desideraturum
814 1042 894 1113 fore
920 1054 1122 1111 accuratam

192 1170 372 1261 'omnium
397 1168 592 1257 specierum
613 1178 898 1238 enumeratorum
919 1170 1124 1258 inquisitio-

210 1318 305 1380 nem,
340 1318 420 1362 cum
430 1291 507 1360 sere
522 1316 656 1379 omnes,
689 1297 844 1385 exceptis
864 1294 998 1362 dudum
1017 1300 1125 1385 notis,

211 1444 459 1511 novarumque
474 1419 663 1505 nonnullis,
689 1420 734 1490 ad
747 1421 928 1512 excarplar
941 1424 1054 1513 ipsius
1066 1427 1128 1495 iu-

213 1550 383 1633 ventoris,
408 1547 494 1617 mihi
510 1547 692 1634 donatum,
723 1547 793 1615 sint
815 1548 1025 1640 descriptae.

197 1698 202 1716 ·
262 1675 305 1742 In
315 1673 520 1756 Germania,
534 1694 619 1762 prae
629 1675 765 1758 ceteris,
783 1675 1127 1769 ill.Schraderus,

213 1799 363 1878 inludia
379 1797 585 1866 occidentali
609 1797 654 1865 ill.
670 1796 911 1869 Swartzius
929 1803 1039 1872 huius
1065 1833 1130 1877 or.

215 1927 306 1995 dinis
320 1925 453 2017 species
469 1924 648 2011 detexere,
680 1932 716 1993 et
733 1948 869 1995 summa
891 1928 1077 2018 diligentia
1091 1958 1132 2005 aa

215 2053 406 2121 subtilitate
418 2050 687 2143 descripserunt
742 2050 921 2139 Quidnam
943 2068 1069 2128 auteur
1089 2086 1133 2132 ex

213 2178 344 2248 horum
358 2178 516 2248 virorum
531 2172 671 2243 assertis
691 2176 945 2267 adaptaverim,
973 2187 1135 2280 quidque

216 2324 297 2372 mea
311 2302 483 2371 industria
496 2311 532 2370 et
544 2302 690 2392 proprio
704 2303 819 2371 studio
832 2306 1133 2403 investigaverim,

217 2452 305 2521 quas
319 2429 469 2517 denique
488 2451 599 2499 novas
619 2426 802 2519 diagnoses
821 2441 856 2498 et
878 2433 1136 2528 descriptiones

215 2554 476 2649 proposuerim,
501 2554 538 2623 id
549 2553 839 2646 descriptionibus
851 2555 996 2629 inter'se
1009 2570 1136 2637 utrin-

217 2703 288 2772 que
305 2681 505 2771 compositis
524 2704 566 2748 ac
585 2684 795 2772 comparatis
805 2683 913 2760 ¹facile
927 2691 1079 2779 patebit
1126 2724 1129 2729 ·

267 2805 324 2876 Ab
343 2807 422 2911 aliis
433 2816 469 2875 et
482 2807 623 2896 inclytis
638 2806 820 2896 botanicis,
854 2812 1136 2909 Sprengclio,

216 2932 407 3021 Rothio,
449 2932 673 3002 Dicksono
712 2937 907 3029 ceterisque
940 2941 1139 3040 descriptas

217 3060 364 3152 species,
373 3060 514 3128 sinotae
522 3059 605 3128 mihi
611 3058 768 3149 fuerunt,
777 3085 841 3131 suo
849 3065 928 3133 loco
935 3068 1063 3160 adieci,
1078 3064 1139 3145 ne·

220 3204 291 3276 que
303 3186 409 3252 etiam
423 3208 484 3251 eas
499 3187 654 3254 excitare
669 3188 781 3276 omisi,
794 3185 934 3281 quaein
946 3195 1139 3270 collectio-

218 3311 322 3380 nibus
353 3311 556 3402 plantarum
591 3337 613 3378 a
639 3313 915 3408 Schradero,
959 3321 1140 3397 Schlci-

218 3436 353 3506 chero
373 3437 517 3528 aliisque
531 3436 644 3524 editis,
671 3439 903 3532 obvenerunt,
928 3447 958 3514 si
972 3455 1142 3548 exempla

217 3564 402 3656 originalia
427 3565 660 3660 investigandi
683 3565 765 3637 data
783 3569 867 3640 mihi
893 3569 961 3641 suit
986 3573 1142 3654 facultas

219 3698 326 3782 atq-ue
350 3691 462 3787 copia.
