2498 4380
550 251 801 337 ..93-

256 425 467 493 fructificatio
490 445 527 488 ex
552 425 701 491 interiore
725 434 814 508 parte
838 425 926 490 nerei
950 426 1133 509 egrediens,

296 531 392 597 calice
407 531 670 614 piloso-hispido.

425 715 913 780 Observationes.

145 914 177 950 ιι,
254 885 286 932 1.
308 861 487 928 Secundum
515 860 654 943 exempla
679 862 716 924 ab
738 860 782 924 ill.
804 858 1010 941 Thunbergio
1032 879 1068 923 et
1092 859 1131 923 alt

294 969 339 1033 ill.
353 966 504 1038 Bridelio,
525 985 603 1048 quae
620 966 708 1029 acel.
721 965 831 1049 Boryo
848 979 1026 1046 acceperat.
1046 967 1128 1029 'milri

292 1074 426 1146 donata,
445 1070 482 1134 ad
500 1068 597 1151 Caput
610 1070 681 1132 bon.
696 1071 765 1151 apel
785 1083 817 1135 et
832 1071 862 1133 in
886 1070 987 1132 inanla
1003 1069 1127 1133 Borbo-

291 1177 362 1239 niae
383 1173 497 1237 haecce
515 1176 635 1255 species
652 1173 806 1253 provenit.
850 1173 953 1249 Quam
975 1175 1073 1237 etiarn
1094 1174 1126 1235 in

155 1298 159 1305 ·
287 1279 440 1344 lamaicae
454 1287 488 1339 et
504 1276 702 1359 Hispaniolae
718 1277 910 1342 subhunidis
924 1280 1049 1351 adesse,
1072 1282 1124 1340 vix

196 1392 200 1398 '
289 1383 389 1447 ullum
402 1381 478 1444 mihi
492 1393 637 1462 aupereat
651 1382 788 1444 dubium.
818 1380 999 1447 Secundum
1015 1403 1124 1444 exem-

290 1487 341 1568 pla
357 1484 536 1564 originalia,
558 1486 595 1547 ab
615 1488 659 1547 ill.
678 1486 932 1563 Swartziodata,
963 1507 1045 1569 quae
1066 1488 1121 1548 de-

289 1590 416 1665 acripeit
434 1589 480 1648 vir
494 1588 547 1648 ille
561 1590 760 1651 doctissimus
775 1591 806 1652 in
819 1590 862 1653 ΕΙ.
878 1589 948 1653 Ind.
966 1592 1069 1653 occid.
1088 1610 1118 1671 p.

288 1691 371 1771 1876
383 1699 414 1751 et
432 1700 509 1771 1878
522 1690 646 1764 (Prodr.
665 1713 693 1774 p.
712 1695 797 1774 145.)
812 1695 949 1771 plantas,
980 1696 1119 1756 nomini-

284 1910 351 1974 taa,
379 1920 396 1961 a
419 1910 526 1961 nostra
545 1901 624 1964 haud
641 1901 877 1982 'distinguendae
898 1922 970 1964 eree
986 1922 1115 1965 censeo.

282 2004 456 2070 Swartziue
472 2002 674 2068 torchoto
684 2027 738 2070 rna
748 2026 779 2069 ιιι
794 2025 880 2069 auarn
889 2005 1005 2069 fronde
1015 2009 1116 2070 maio-

282 2111 327 2180 ri,
359 2126 430 2169 vere
457 2106 652 2184 dichotoma,
692 2109 717 2173 I.
738 2111 932 2174 linearem
955 2114 1115 2174 tenuitate

281 2210 402 2273 frondis
426 2210 626 2287 divaricatae‚
666 2213 863 2275 dichotomae
888 2214 1112 2277 discernendae

280 2315 409 2397 putavit.
452 2311 650 2380 Conveniunt
674 2337 748 2377 vero
768 2336 839 2380 cum
859 2318 981 2398 vulgari
1007 2318 1111 2382 forma

280 2416 509 2480 characteribus
532 2423 758 2484 essentialibus.
803 2421 881 2485 Sunt
897 2423 998 2502 igitur
1021 2426 1061 2487 ad
1080 2423 1107 2489 1.

275 2520 478 2583 furentem
496 2521 585 2585 Linn.
601 2544 651 2586 me
664 2524 767 2589 iudice
779 2524 971 2590 referendae.

276 2624 302 2688 Ι.
318 2623 558 2687 dichotoma.

233 2726 480 2794 soutapron.
494 2728 526 2790 tl.
544 2728 611 2791 Ind.
626 2730 724 2792 occid.
742 2749 771 2812 p.
791 2750 862 2815 145.

232 2833 369 2899 Swartz.
385 2831 430 2894 tt.
448 2831 514 2894 Iud.
532 2853 597 2897 occ.
618 2844 694 2897 tom.
710 2833 773 2911 111,
797 2836 934 2919 P·181⁶·

230 2938 410 3019 Schwaegr.
432 2934 539 3000 Prode.
554 2955 584 3018 p.
600 2957 652 3018 31.

270 3042 297 3106 I.
318 3043 346 3104 li
357 3061 425 3103 nea
435 3041 500 3103 ris.

227 3146 361 3212 Swartz.
377 3146 480 3210 Prodr.
500 3143 533 3208 tl.
551 3144 617 3208 Ind.
634 3166 699 3209 occ.
719 3165 750 3229 p.
772 3162 842 3229 145.

225 3248 404 3325 Schwaegr.
420 3247 526 3309 Prodr.
543 3267 593 3329 31.

223 3374 254 3421 α.
276 3353 323 3416 Ill.
342 3352 505 3414 Hookerua
520 3353 702 3416 varietatene

262 3471 294 3535 β.
313 3456 538 3536 elongatam
821 3522 824 3527 ,

261 3562 416 3644 allegavit,
441 3558 552 3641 quael.
572 3558 740 3634 furcata,
763 3560 1102 3650 anaximaeatspiei.

259 3669 330 3748 legii
354 3665 387 3728 ll.
404 3661 509 3728 Goett.
535 3665 688 3728 carissimi
712 3666 825 3747 patria,
855 3683 885 3745 p.
912 3663 988 3732 160.

257 3770 450 3840 Varietatenn
