2498 4380
398 275 647 345 ...ψ

100 435 288 518 Schwaegr.
307 436 416 500 Prodr.
433 455 463 517 p.
482 454 534 516 32.

149 541 185 606 In
204 543 339 605 llumi'dis
356 541 514 624 sylvarum
530 537 687 621 Europae.

345 724 714 808 Descriptio,

109 874 217 939 Frons
232 872 383 948 eborata,
404 890 534 953 repens,
554 871 754 947 subenervis,
785 870 905 951 glabra,
935 873 982 937 in·

154 980 339 1058 tegerrima,
361 977 441 1039 iobis
457 977 604 1048 sinuatis,
628 977 764 1054 margine
780 978 947 1039 undulatis.

108 1078 382 1144 fructificatio'in
407 1080 566 1160 superiore
587 1090 672 1160 parte
696 1078 815 1142 frondis
844 1083 983 1162 perispo-

153 1185 265 1265 tunglo
281 1184 458 1273 epiphyllo,
487 1185 554 1246 sive
576 1205 614 1244 ex
640 1183 766 1245 adversa
787 1183 907 1246 frondis
918 1189 984 1264 Ῥω

156 1287 230 1368 gina
254 1300 343 1360 orto,
378 1289 479 1363 brevi,
517 1285 795 1367 subcyathiformi,
831 1288 982 1364 laciniam,

128 1437 137 1446 -
155 1391 291 1475 capsulis
305 1390 463 1474 globosis,
495 1392 590 1454 valvis
606 1393 733 1454 ovatiss

291 1577 779 1642 Observationes

117 1743 149 1792 1·
171 1722 272 1788 Huius
287 1725 405 1806 speciei
422 1724 553 1786 varietas
576 1700 631 1786 est
644 1723 670 1788 I.
692 1725 988 1790 endiviselolia

160 1826 267 1894 Dicks.
291 1827 369 1894 fasc.
392 1826 454 1903 IV,
488 1846 519 1909 p.
541 1849 597 1910 19,
634 1848 724 1911 quarn
748 1831 930 1892 Lamarkius
954 1841 989 1892 et

162 1932 990 2014 Hookerusl.epiphyllam,ss.iongifoliam,

163 2036 477 2117 Schwaegriehenius
506 2056 579 2098 vero
608 2033 993 2109 uendiviaefoliam

163 2150 355 2221 nuncupant.
391 2139 561 2206 Varillssot.
570 2138 662 2202 Paris.
673 2148 751 2218 t.19‚
775 2135 832 2216 f.4,
852 2141 918 2200 sine
932 2140 996 2201 ullo

163 2243 235 2309 fere
248 2245 342 2308 dubio
361 2244 420 2307 huc
436 2244 579 2324 pertinet.
636 2243 920 2324 Hancopinionem
932 2246 995 2329 iam

164 2349 199 2412 in
219 2347 264 2413 Fi.
280 2362 384 2432 crypt.
401 2345 505 2412 Germ.
522 2369 551 2427 p.
573 2365 635 2427 432
658 2346 807 2427 prolatam
829 2349 924 2409 etiam
946 2368 997 2410 se·

167 2454 272 2537 quitur
288 2452 330 2515 ill.
343 2452 509 2515 Hookerus
527 2451 548 2514 l.
566 2471 593 2514 c.
615 2451 714 2514 Frons
731 2454 761 2513 in
776 2453 834 2514 hac
847 2452 997 2514 varietate

166 2557 410 2637 estangustior‚
439 2555 631 2638 elongamini,
661 2556 808 2640 simplex,
834 2558 885 2620 vel
906 2561 998 2620 iuno-

165 2659 340 2724 vationibus
353 2660 427 2722 hinc
441 2660 514 2721 inde
530 2662 637 2723 divisa.

122 2781 156 2828 α.
177 2764 326 2829 Laudavit
362 2764 457 2826 etiam
492 2763 536 2825 ill.
567 2764 733 2829 Hookerus
760 2767 939 2830 varietatem
964 2793 994 2843 γ.

165 2865 433 2948 lurcigeram,
476 2865 589 2931 fronde
625 2870 712 2949 apice
743 2870 995 2933 innovationibus

165 2972 325 3052 angustis,
367 2973 544 3036 dichotome
583 2972 708 3045 divisis,
752 2973 846 3034 ramis
876 2974 995 3038 ultimis

168 3073 317 3150 furentis,
328 3093 330 3096 ’
340 3094 431 3158 quam
450 3095 525 3138 vero
541 3074 610 3154 ipse
625 3074 767 3138 nondum
783 3074 955 3142 observavi.

82 3303 147 3383 94
174 3283 202 3359 Ι.
217 3283 353 3358 fronde
366 3285 433 3368 bis,
449 3293 561 3358 terve
575 3261 800 3371 dichotoma,
819 3309 998 3374 nervosa,
1062 3309 1163 3373 attona

150 3408 297 3502 glabra,
328 3408 424 3480 lobis
448 3410 621 3489 sinuatis,
660 3414 830 3502 margine
856 3413 998 3485 subun-
1043 3415 1178 3480 Swsrtz.

147 3529 303 3616 dulatiS‚
327 3527 575 3603 subdentatis.
1068 3531 1161 3583 mici·

122 3688 154 3756 1.
175 3690 306 3755 bilobs
318 3687 388 3756 Sw.
405 3699 496 3753 msot.
510 3692 541 3752 in
555 3688 662 3754 indice
679 3698 777 3756 nostr.
789 3691 888 3754 musei
905 3690 999 3774 plant.

167 3802 273 3877 crypt.
288 3803 371 3874 1803
384 3794 488 3869 edito,
509 3805 688 3860 memorata.
