2498 4380
615 254 865 326 ...84-

327 435 413 502 Calix
430 454 648 520 compressus,
671 442 850 510 truncatus,
872 433 1014 513 cillatua,
1036 446 1113 500 aute
1130 458 1206 503 evo-

369 543 523 617 lutionem
541 549 628 609 eetae
642 541 733 621 apiae
744 548 937 606 recurvatus.

83 722 259 806 resupinata
287 737 347 825 84.
372 730 398 804 l.
413 731 489 804 folii
505 729 613 805 lobiis
623 711 835 815 audoveus,
860 732 928 804 vix
943 733 1083 816 acutis,
1109 731 1202 806 den·

125 826 215 892 ¹³⁰⁰·
348 855 522 929 ticulatis.

325 1014 416 1080 Lino.
430 1011 520 1096 Sper.
535 1014 629 1096 plant.
643 1030 732 1095 1599.

325 1119 440 1184 Dillen.
458 1120 519 1180 tab.
536 1137 593 1200 γι,
613 1115 668 1200 fig.
683 1136 733 1200 19.

296 1243 298 1247 ·
365 1221 503 1303 Europa.

554 1385 922 1469 Descriptio.

268 1592 270 1595 .
327 1511 431 1578 Caulis
447 1511 689 1587 erectiusculua,
712 1514 923 1576 subramosus.

327 1615 412 1678 Folia
428 1615 545 1684 bilche,
568 1614 690 1686 bifaria,
721 1615 802 1678 lobia
819 1612 996 1690 aubovatis,
1018 1616 1071 1677 vix
1085 1619 1199 1691 acutis,

369 1717 588 1794 denticulatis,
627 1718 868 1798 conduplicatis,
911 1721 1019 1783 *antico
1055 1723 1197 1800 minore,

369 1841 524 1904 concavo,
548 1824 671 1904 postico
685 1841 838 1883 convexo.
858 1887 861 1890 ,

326 1923 542 1991 fructificatio
563 1926 750 1995 terminalia,
779 1945 815 1987 ex
827 1924 1024 1990 innovatione
1035 1928 1138 1991 caulis
1153 1929 1198 1991 iu·

368 2031 490 2092 tardum
504 2028 649 2094 lateralis.

324 2130 410 2199 calix
428 2143 601 2197 truncatus.

459 2397 465 2408 ι
556 2319 926 2387 observatio.

369 2435 486 2508 Iterum
524 2446 699 2528 iterumque
728 2447 911 2510 examinatis
945 2436 1200 2529 Iungermauoiis

328 2550 563 2626 resupinata
589 2569 703 2629 nempe
735 2549 827 2613 Liun.
859 2543 994 2625 Dillen.‚
1039 2553 1200 2615 umbro-

311 2674 371 2721 ,sa
416 2650 540 2732 Schrad.
575 2662 608 2714 et
646 2663 897 2734 compacta
937 2650 1050 2739 Roth„
1106 2670 1196 2736 puto,

326 2766 434 2818 contra
449 2758 649 2836 opinionem,
671 2777 761 2839 quam
780 2758 857 2818 olim
871 2752 901 2818 in
915 2755 960 2818 Fl.
978 2767 1080 2838 crypt.
1090 2752 1198 2824 Germ.
1233 2802 1237 2810 ‚

319 2860 459 2941 protuli,
494 2861 617 2943 aliquod
632 2873 731 2922 tamen
747 2862 900 2924 interesse
921 2862 1090 2924 discrimen
1114 2866 1198 2928 iuter

321 2961 348 3027 I.
377 2966 655 3047 resupinatam
688 2964 813 3028 Linnaei
847 2975 880 3027 et
906 2957 932 3029 I.
962 2960 1197 3031 umbrosam

322 3066 494 3132 Schraderi.
547 3067 594 3132 Ad
613 3066 817 3130 Linnaeanam
835 3069 973 3150 speciem
990 3069 1198 3135 solummodo

321 3171 451 3235 Dillenii
467 3168 596 3250 liguram
612 3171 759 3252 allegavi,
782 3187 853 3229 cum
869 3170 943 3259 milei
960 3170 1024 3234 aiut
1033 3175 1196 3255 exempla,

322 3273 468 3336 omnibus
481 3277 563 3335 notia
581 3295 651 3336 cum
660 3275 832 3336 Linuaeaua
843 3272 1054 3354 descriptione
1065 3287 1101 3337 et
1117 3274 1197 3359 figg.

320 3372 447 3443 Dillenli
464 3380 691 3440 convenientia.
734 3378 834 3440 llllaior
846 3376 930 3437 euim
945 3395 1074 3459 semper
1089 3400 1131 3442 ex
1145 3399 1199 3442 va·

319 3484 373 3546 riis
398 3481 475 3542 locis
499 3483 621 3542 videtur
643 3481 667 3543 I.
691 3483 932 3560 resupinata
956 3481 1013 3554 L„
1052 3500 1151 3565 quam
1173 3481 1197 3547 I.

319 3583 507 3648 umbrosa
522 3583 664 3660 Schrad,
686 3595 718 3647 et
736 3583 822 3645 foliis
838 3583 918 3648 haud
931 3585 1062 3648 serratis
1076 3594 1111 3649 et
1125 3609 1199 3668 raeae-¹

318 3691 377 3761 tis‚
401 3690 454 3749 sed
468 3685 679 3760 denticulatis,
706 3687 757 3747 vix
773 3689 884 3751 acutia.
930 3685 1033 3760 Quam
1052 3689 1198 3772 depinxit

317 3792 343 3857 1.
360 3791 631 3873 resupinatam
645 3789 824 3867 Hoolrerus,
842 3811 913 3858 cum
923 3793 1092 3876 exemplis,
1116 3815 1197 3880 quae
