2520 4410
152 1010 704 1130 sunanuucuupus
730 1037 880 1121 ntcn.
915 1103 920 1121 .

10 1248 13 1253 ’
52 1219 167 1291 ⁴Calin
195 1226 293 1317 apice
328 1226 469 1296 demum
496 1225 715 1319 perforatus,
752 1225 968 1316 (secuudum

56 1344 314 1415 Schmidelium
337 1350 375 1416 in
406 1348 492 1416 duas
521 1358 640 1440 partes
670 1348 968 1439 longitudinaliter
1081 1334 1083 1341 ’

57 1464 319 1557 disrumpens).
395 1467 548 1560 Capsula
576 1468 862 1560 (perisporangio
884 1436 969 1560 siy-

152 1587 264 1678 ligera
279 1585 441 1658 mnnita?
466 1589 522 1660 vel
536 1590 629 1679 stylo
640 1590 706 1679 ipsi
721 1590 884 1683 imposito

285 1705 505 1798 instructa?)
539 1707 745 1780 dehiscens?

62 1970 96 2021 1·
126 1901 236 2041 Sph·
259 1944 440 2043 Europa,
473 1944 627 2040 Anglia,
660 1947 783 2036 Italia,
818 1944 970 2020 Lusita·
1011 1936 1163 2112 teffifsltlrla

124 2072 198 2140 nia.
1076 2068 1103 2110 tc
1124 2088 1133 2107 .

105 2231 201 2296 Mich.
220 2225 299 2294 Gen.
316 2240 339 2292 t.
358 2249 389 2312 3.

106 2334 226 2397 Dillen.
244 2344 268 2398 t.
288 2346 344 2414 78,
367 2348 392 2397 t.
409 2351 448 2415 17
462 2324 544 2415 (rep.
560 2354 578 2395 c
595 2328 736 2408 nichel.)
815 2352 819 2357 ’

105 2438 244 2502 Schmid.
261 2437 304 2501 Ic.
320 2452 343 2500 t.
360 2448 417 2514 28,
439 2439 461 2501 s.
482 2457 510 2501 2.

104 2542 286 2622 Schwaegr.
305 2544 409 2607 Prodt.
426 2563 456 2621 p.
472 2558 522 2624 35.

103 2644 612 2729 Targioniasphaerucarpus
628 2645 736 2710 Dicks.
752 2644 829 2710 fasc.
846 2643 872 2723 Ι,
895 2664 924 2728 p.
945 2655 975 2720 8.

341 2832 716 2899 Observatin

151 2977 268 3050 Genus,
283 2980 357 3041 licet
372 2981 546 3063 analysibus
563 2997 758 3040 summorum
774 2977 911 3039 virorum
931 2977 974 3039 sit

105 3095 263 3155 ornatum,
287 3085 492 3156 minitantem
510 3086 641 3166 quinon
660 3083 717 3142 nisi
736 3084 888 3142 exsiccata
903 3101 974 3140 exa·
1056 3115 1059 3120 ·

103 3187 219 3248 minavi
235 3170 393 3266 exemptas
408 3189 482 3251 olim
498 3209 514 3248 a
529 3183 976 3248 beatoNoehdenioYarmou·

102 3289 164 3353 thii
173 3289 263 3363 lecta,
285 3292 383 3354 adhuc
397 3294 522 3356 dubium
538 3293 647 3361 evadit,
671 3288 976 3354 MicheliietSchmi·

104 3391 183 3454 delii
197 3393 376 3475 analysibus
389 3400 516 3458 omnino
535 3415 597 3458 non
615 3394 843 3477 quadrantibus.
888 3395 975 3470 Quae

103 3497 140 3559 in
156 3495 203 3558 his
217 3494 380 3562 exsiccatis
398 3511 431 3563 et
445 3503 556 3563 iterum
565 3498 745 3561 madefactis
755 3500 975 3578 speciminibus

101 3600 215 3662 videre
230 3611 263 3664 ct
275 3622 337 3664 uon
353 3605 456 3667 videre
472 3606 545 3665 mihi
559 3605 657 3673 licuit,
672 3604 747 3664 haec
760 3602 844 3666 sunt.
878 3603 976 3664 Fron-

103 3705 157 3767 dis
177 3706 393 3768 conditionem
416 3709 582 3768 diiudicare
606 3708 749 3789 nequivi,
776 3727 835 3769 nec
862 3718 976 3787 partes,

102 3827 184 3894 quas
202 3807 287 3872 forte
300 3812 451 3898 masculas
472 3813 641 3874 autumavit
657 3809 878 3888 Schmidelius,
900 3812 972 3886 vidi,
1054 3865 1059 3877 .
