2498 4380
445 231 694 299 ...55-

379 406 755 475 oisrrvariu

196 526 343 597 Cauiibns
357 533 528 615 elongatis,
547 533 715 610 flexuosis,
746 534 891 609 ramosis,
921 543 954 598 et
973 534 1023 598 fo·

150 631 207 695 liis
236 634 323 696 vaide
352 638 482 700 remotis
509 631 721 718 dignoscenda
757 658 775 702 a
802 638 828 702 Ι.
862 641 1022 704 iulncen

152 735 296 817 Liguri,
318 740 367 803 cni
384 741 535 823 proximu.

105 907 172 991 48.
205 901 230 972 Ι.
265 903 366 978 foliis
402 906 758 1015 amphigastriisque
794 908 1014 989 imbricatis,
1076 926 1192 991 tutam

87 1098 90 1104 ,
176 1029 333 1106 erectis,
359 1033 575 1124 appressiS,
600 1030 742 1103 laciniis
761 1031 990 1104 lanceolatis.
1071 1029 1190 1110 Liguri.

152 1184 271 1264 Liguri.
286 1187 330 1250 iu.
347 1186 435 1251 Scot.
448 1199 470 1252 t.
484 1188 525 1267 II,
540 1209 569 1271 p.
584 1199 653 1273 785.

149 1286 246 1368 Eugl.
263 1291 326 1355 bot.
344 1299 476 1373 t.11024.

150 1392 256 1456 Hook.
273 1393 349 1457 Brit.
367 1395 457 1477 Iung.
472 1395 550 1459 fasc.
564 1397 597 1471 Ι,
619 1399 680 1462 tab.
698 1419 729 1464 2.

149 1493 176 1557 1.
193 1498 340 1561 nivalis
354 1499 521 1564 Sw-msct.
539 1501 615 1565 oiim
628 1504 658 1564 in
672 1502 738 1565 Ind.
755 1509 864 1564 nostro
876 1510 965 1584 1803.

151 1598 372 1684 Wahieuberg.
384 1603 470 1666 Flor.
487 1602 606 1686 Carpat.
618 1623 648 1687 p.
668 1605 739 1685 363.

151 1702 179 1768 I.
195 1708 439 1770 concinnata
452 1707 617 1776 Wahlenb.
634 1709 732 1791 Lapp.
748 1729 778 1771 n.
793 1708 864 1791 694.
892 1706 895 1713 ’

190 1808 227 1872 In
242 1805 348 1872 Scotin
362 1823 394 1874 et
411 1811 520 1876 Suecia
536 1812 653 1877 boreali
666 1813 832 1876 invenitur.

379 2000 748 2085 Descriptio.

147 2127 254 2193 cauus
271 2129 391 2204 tenuis,
413 2129 532 2206 brevis,
554 2149 713 2204 ramosus,
735 2129 827 2190 ramis
843 2125 976 2191 diffusis.

147 2231 235 2294 unua
250 2240 283 2294 et
295 2233 515 2314 amphigastria
529 2234 698 2308 imbricata,
708 2241 792 2294 arcte
806 2248 962 2311 appressn,
971 2231 1025 2294 bi·
1073 2308 1076 2313 .
1160 2310 1161 2315 ἵ

201 2336 333 2416 partita,
372 2335 490 2400 laciniis
516 2337 696 2412 subulutis,¹
721 2335 838 2410 acutis,
878 2336 1017 2418 integer·

202 2459 289 2503 rrma.

319 2605 808 2670 Observationes.

149 2751 180 2796 1.
202 2730 289 2795 Folia
312 2740 343 2793 et
357 2731 579 2813 amphigastria
598 2730 678 2792 cauli
695 2730 739 2792 ita
761 2737 846 2792 arcte
861 2747 1017 2809 appressa,

192 2847 227 2899 ut
242 2833 421 2899 difficillime
438 2835 680 2916 distinguantur,
708 2834 847 2916 inprimis
862 2854 932 2895 curn
949 2852 1020 2912 pen·

192 2961 284 3024 quarn
302 2940 421 3001 minuta
435 2939 508 3001 sint.

149 3065 179 3109 α.
202 3043 306 3109 Cauiis
323 3054 416 3117 teres,
434 3041 693 3104 inlaceusevadit.

148 3169 182 3232 3.
202 3146 317 3229 Lightf.
327 3149 446 3228 primun
460 3145 529 3218 fuit,
543 3145 595 3228 qui
603 3143 626 3206 1.
641 3142 832 3206 iulacenm
848 3141 916 3207 etI.
930 3162 1018 3206 con-

80 3266 83 3270 '
189 3254 252 3315 cin
265 3263 400 3315 natam
420 3252 480 3313 rite
496 3249 649 3311 distinxit.
714 3245 785 3320 Qua
805 3247 844 3308 de
870 3269 962 3310 causa
984 3257 1018 3310 et

188 3357 259 3418 buic
271 3365 303 3418 et
319 3355 365 3417 illi
384 3374 497 3416 nomeu
520 3348 666 3431 Lightf.
685 3352 827 3432 apposui.

144 3479 177 3544 4.
199 3457 407 3521 Conseruntur
424 3456 605 3537 praesertim
627 3453 858 3518 obseruationes
874 3453 915 3516 ili.
931 3455 1018 3518 Hoo·

188 3565 255 3625 lieri
271 3560 347 3625 fasc.
363 3562 397 3636 Ι,
416 3549 532 3644 'quibus
547 3566 734 3633 commotus,
759 3557 834 3620 olim
848 3560 883 3621 ab
900 3559 968 3620 aiiis
985 3567 1018 3618 et

186 3687 267 3728 ame
286 3668 356 3748 ipso
379 3664 516 3746 plantum
540 3662 565 3726 Ι.
588 3663 771 3724 inlaceae
795 3662 921 3723 nomine
941 3663 1018 3727 iusi·

185 3772 322 3852 gnitum,
345 3789 427 3835 nunc
442 3767 469 3832 1.
482 3772 759 3833 concinnatam
775 3769 893 3830 vocavi.
